<record><leader>00000cas a22000007a 4500</leader><controlfield tag="001">11485742</controlfield><controlfield tag="008">841212d18881984nyuwr ne      0    0eng d</controlfield><datafield ind1=" " ind2=" " tag="010"><subfield code="a">sn 84035896 </subfield></datafield><datafield ind1=" " ind2=" " tag="040"><subfield code="a">NYG</subfield><subfield code="b">eng</subfield><subfield code="c">NYG</subfield><subfield code="d">NYS</subfield><subfield code="d">OCLCQ</subfield></datafield><datafield ind1=" " ind2=" " tag="042"><subfield code="a">msc</subfield></datafield><datafield ind1="0" ind2="4" tag="245"><subfield code="a">The Spencer needle.</subfield></datafield><datafield ind1="3" ind2="0" tag="246"><subfield code="a">Spencer needle continuing the Spencer news</subfield></datafield><datafield ind1=" " ind2=" " tag="260"><subfield code="a">Spencer, N.Y. :</subfield><subfield code="b">W.R. Swartout</subfield></datafield><datafield ind1=" " ind2=" " tag="300"><subfield code="a">v. :</subfield><subfield code="b">ill. ;</subfield><subfield code="c">54 cm.</subfield></datafield><datafield ind1=" " ind2=" " tag="310"><subfield code="a">Weekly</subfield></datafield><datafield ind1="0" ind2=" " tag="362"><subfield code="a">Vol. 1, no. 1 (Jan. 5, 1888)-v. 96, no. 30 (July 25, 1984).</subfield></datafield><datafield ind1=" " ind2=" " tag="500"><subfield code="a">Published as: Spencer needle continuing the Spencer news, &lt;Jan. 10, 1952&gt;.</subfield></datafield><datafield ind1=" " ind2=" " tag="500"><subfield code="a">Publishers: W.R. Swarthout, 1888-&lt;1892&gt;; Jesse R. Hart, &lt;1915-1937&gt;; Spencer Needle, Inc., &lt;1949&gt;-1952; Alice B. Pope, 1952; Robert R. Eckert, 1952- ; Peter P. Jankowski, &lt;1976&gt;; Mary L. Riker, &lt;1980&gt;.</subfield></datafield><datafield ind1=" " ind2="4" tag="651"><subfield code="a">Spencer (N.Y.)</subfield><subfield code="v">Newspapers.</subfield></datafield><datafield ind1=" " ind2=" " tag="752"><subfield code="a">United States</subfield><subfield code="b">New York</subfield><subfield code="c">Tioga</subfield><subfield code="d">Spencer.</subfield></datafield><datafield ind1="0" ind2="5" tag="780"><subfield code="t">Spencer news (Spencer, N.Y.)</subfield><subfield code="w">(DLC)sn 90066082</subfield><subfield code="w">(OCoLC)21577529</subfield></datafield><datafield ind1="1" ind2=" " tag="029"><subfield code="a">AU@</subfield><subfield code="b">000020536472</subfield></datafield></record>